@inproceedings{iwama2007stable,
  title     = {Stable roommates problem with triple rooms},
  author    = {Iwama, Kazuo and Miyazaki, Shuichi and Okamoto, Kazuya},
  booktitle = {Proc. 10th KOREA-JAPAN joint workshop on algorithms and computation (WAAC 2007)},
  pages     = {105--112},
  year      = {2007}
}
@article{chang2022dormitory,
  title     = {Dormitory Assignment Using a Genetic Algorithm},
  author    = {Chang, Chih-Ching and Lin, Che-Chern},
  journal   = {Applied Artificial Intelligence},
  pages     = {1--22},
  year      = {2022},
  publisher = {Taylor \& Francis}
}
@article{irving1985efficient,
  title     = {An efficient algorithm for the "stable roommates" problem},
  author    = {Irving, Robert W},
  journal   = {Journal of Algorithms},
  volume    = {6},
  number    = {4},
  pages     = {577--595},
  year      = {1985},
  publisher = {Elsevier}
}
@misc{ctnrh,
  author       = {{Red Hat}},
  title        = {What is containerization?},
  year         = 2021,
  howpublished = {\url{https://www.redhat.com/en/topics/cloud-native-apps/what-is-containerization}},
  note         = {[Online; accessed 16-February-2022]}
}
@misc{dke,
  author       = {{Docker}},
  title        = {{D}ocker overview},
  year         = {2021},
  howpublished = {\url{https://docs.docker.com/get-started/overview/}},
  note         = {[Online; accessed 16-February-2022]}
}
@misc{mysql,
  author = {{Wikipedia contributors}},
  title  = {MySQL --- {Wikipedia}{,} The Free Encyclopedia},
  year   = {2022},
  url    = {https://en.wikipedia.org/w/index.php?title=MySQL&oldid=1070316075},
  note   = {[Online; accessed 16-February-2022]}
}
@misc{uxui,
  author = {{Lifted Logic}},
  title  = {11 Essential UX Laws for Your Next Web Design or App Project},
  year   = {2021},
  url    = {https://liftedlogic.com/ux-for-web-design},
  note   = {[Online; accessed 17-February-2022]}
}
@misc{graphql,
  author = {{GraphQL contributors}},
  title  = {Introduction to GraphQL},
  year   = {2022},
  url    = {https://graphql.org/learn/},
  note   = {[Online; accessed 17-February-2022]}
}
@misc{gingonic,
  author = {{Gin Gonic contributors}},
  title  = {Documentation},
  year   = {2022},
  url    = {https://gin-gonic.com/docs/},
  note   = {[Online; accessed 17-February-2022]}
}
@misc{golang,
  author = {{Wikipedia contributors}},
  title  = {Go (programming language) --- {Wikipedia}{,} The Free Encyclopedia},
  year   = {2022},
  url    = {https://en.wikipedia.org/w/index.php?title=Go_(programming_language)&oldid=1072266940},
  note   = {[Online; accessed 17-February-2022]}
}
@misc{typescript,
  author       = {{Wikipedia contributors}},
  title        = {TypeScript --- {Wikipedia}{,} The Free Encyclopedia},
  year         = {2022},
  howpublished = {\url{https://en.wikipedia.org/w/index.php?title=TypeScript&oldid=1070886749}},
  note         = {[Online; accessed 17-February-2022]}
}
@misc{nextjs,
  author = {{Wikipedia contributors}},
  title  = {Next.js --- {Wikipedia}{,} The Free Encyclopedia},
  year   = {2022},
  url    = {https://en.wikipedia.org/w/index.php?title=Next.js&oldid=1072279415},
  note   = {[Online; accessed 17-February-2022]}
}
@misc{np,
  author       = {{Wikipedia contributors}},
  title        = {NP-completeness --- {Wikipedia}{,} The Free Encyclopedia},
  year         = {2022},
  howpublished = {\url{https://en.wikipedia.org/w/index.php?title=NP-completeness&oldid=1068579860}},
  note         = {[Online; accessed 17-February-2022]}
}
@misc{euclid-dist,
  author       = {{Wikipedia contributors}},
  title        = {Euclidean distance --- {Wikipedia}{,} The Free Encyclopedia},
  year         = {2022},
  howpublished = {\url{https://en.wikipedia.org/w/index.php?title=Euclidean_distance&oldid=1070186252}},
  note         = {[Online; accessed 18-February-2022]}
}
@misc{ttarch,
  author = {{Wikipedia contributors}},
  title  = {Multitier architecture --- {Wikipedia}{,} The Free Encyclopedia},
  year   = {2022},
  url    = {https://en.wikipedia.org/w/index.php?title=Multitier_architecture&oldid=1066772891},
  note   = {[Online; accessed 18-February-2022]}
}
@misc{next-wiki,
  author       = {{Wikipedia contributors}},
  title        = {Next.js --- {Wikipedia}{,} The Free Encyclopedia},
  year         = {2022},
  howpublished = {\url{https://en.wikipedia.org/w/index.php?title=Next.js&oldid=1122626271}},
  note         = {[Online; accessed 26-December-2022]}
}
@misc{RPC-wiki,
  author       = {{Wikipedia contributors}},
  title        = {Remote procedure call --- {Wikipedia}{,} The Free Encyclopedia},
  year         = {2022},
  howpublished = {\url{https://en.wikipedia.org/w/index.php?title=Remote_procedure_call&oldid=1129186483}},
  note         = {[Online; accessed 26-December-2022]}
}
@misc{concurrency-wiki,
  author       = {{Wikipedia contributors}},
  title        = {Concurrency (computer science) --- {Wikipedia}{,} The Free Encyclopedia},
  year         = {2022},
  howpublished = {\url{https://en.wikipedia.org/w/index.php?title=Concurrency_(computer_science)&oldid=1127401650}},
  note         = {[Online; accessed 26-December-2022]}
}
@misc{Go-wiki,
  author       = {{Wikipedia contributors}},
  title        = {Go (programming language) --- {Wikipedia}{,} The Free Encyclopedia},
  year         = {2022},
  howpublished = {\url{https://en.wikipedia.org/w/index.php?title=Go_(programming_language)&oldid=1125214869}},
  note         = {[Online; accessed 26-December-2022]}
}
@misc{react-wiki,
  author       = {{Wikipedia contributors}},
  title        = {React (JavaScript library) --- {Wikipedia}{,} The Free Encyclopedia},
  year         = {2022},
  howpublished = {\url{https://en.wikipedia.org/w/index.php?title=React_(JavaScript_library)&oldid=1128902230}},
  note         = {[Online; accessed 26-December-2022]}
} 
@misc{Jira-wiki,
  author       = {{Wikipedia contributors}},
  title        = {Jira (software) --- {Wikipedia}{,} The Free Encyclopedia},
  year         = {2023},
  howpublished = {\url{https://en.wikipedia.org/w/index.php?title=Jira_(software)&oldid=1144834444}},
  note         = {[Online; accessed 19-March-2023]}
}
@misc{Notion-wiki,
  author       = {{Wikipedia contributors}},
  title        = {Notion (productivity software) --- {Wikipedia}{,} The Free Encyclopedia},
  year         = {2023},
  howpublished = {\url{https://en.wikipedia.org/w/index.php?title=Notion_(productivity_software)&oldid=1144006477}},
  note         = {[Online; accessed 19-March-2023]}
}
@misc{Trello-wiki,
  author       = {{Wikipedia contributors}},
  title        = {Trello --- {Wikipedia}{,} The Free Encyclopedia},
  year         = {2023},
  howpublished = {\url{https://en.wikipedia.org/w/index.php?title=Trello&oldid=1133934048}},
  note         = {[Online; accessed 19-March-2023]}
}
@misc{knn,
  author       = {{Wikipedia contributors}},
  title        = {K-nearest neighbors algorithm --- {Wikipedia}{,} The Free Encyclopedia},
  year         = {2023},
  howpublished = {\url{https://en.wikipedia.org/w/index.php?title=K-nearest_neighbors_algorithm&oldid=1144763725}},
  note         = {[Online; accessed 19-March-2023]}
}
@misc{trpcIntroducingTRPC,
  author       = {Alex/KATT},
  title        = {Introducing tRPC | tRPC --- trpc.io},
  howpublished = {\url{https://trpc.io/blog/introducing-trpc}},
  year         = {2021},
  note         = {[Online; accessed 19-March-2023]}
}
@misc{whatNestJS,
  author       = {Ashwin Dua},
  title        = {{W}hat {I}s {N}est.{J}{S} and {W}hy {S}hould {Y}ou {U}se {I}t? --- turing.com},
  howpublished = {\url{https://www.turing.com/blog/what-is-nest-js-why-use-it-in-2022/}},
  year         = {2022},
  note         = {[Online; accessed 19-Mar-2023]}
}